@online{go,
          author = {Open Source},
            title = {Golang},
              year = 2019,
                url = {https://golang.org},
                  urldate = {2019-09-14}
}

@online{goes,
          author = {Elasticsearch B.V},
            title = {go-elasticsearch},
              year = 2019,
                url = {https://github.com/elastic/go-elasticsearch},
                  urldate = {2019-09-14}
}
